<record><leader>00000cas a22000007a 4500</leader><controlfield tag="001">22650403</controlfield><controlfield tag="008">901108d190019uunhuwr ne      0    0eng d</controlfield><datafield ind1=" " ind2=" " tag="010"><subfield code="a">sn 90062532 </subfield></datafield><datafield ind1=" " ind2=" " tag="040"><subfield code="a">NVH</subfield><subfield code="b">eng</subfield><subfield code="c">NVH</subfield><subfield code="d">OCLCQ</subfield></datafield><datafield ind1=" " ind2=" " tag="042"><subfield code="a">msc</subfield></datafield><datafield ind1="0" ind2="0" tag="245"><subfield code="a">Foster's weekly Democrat and Dover enquirer.</subfield></datafield><datafield ind1=" " ind2=" " tag="260"><subfield code="a">Dover, N.H. :</subfield><subfield code="b">George J. Foster</subfield></datafield><datafield ind1=" " ind2=" " tag="300"><subfield code="a">v.</subfield></datafield><datafield ind1=" " ind2=" " tag="310"><subfield code="a">Weekly</subfield></datafield><datafield ind1="0" ind2=" " tag="362"><subfield code="a">Vol. 29, no. 8 (Feb. 23, 1900)-</subfield></datafield><datafield ind1=" " ind2=" " tag="580"><subfield code="a">Daily ed.: Foster's daily Democrat.</subfield></datafield><datafield ind1=" " ind2=" " tag="752"><subfield code="a">United States</subfield><subfield code="b">New Hampshire</subfield><subfield code="c">Strafford</subfield><subfield code="d">Dover.</subfield></datafield><datafield ind1="1" ind2=" " tag="775"><subfield code="t">Foster's daily Democrat</subfield><subfield code="w">(DLC)sn 84023058</subfield></datafield><datafield ind1="0" ind2="4" tag="780"><subfield code="t">Foster's weekly Democrat</subfield><subfield code="w">(DLC)sn 90062533</subfield></datafield><datafield ind1="0" ind2="4" tag="780"><subfield code="t">Dover enquirer (Dover, N.H. : 1830)</subfield><subfield code="w">(DLC)sn 84023054</subfield></datafield></record>